<record><leader>00000cas a2200000 a 4500</leader><controlfield tag="001">12483834</controlfield><controlfield tag="008">850903d19171918ksuwr ne      0    0eng d</controlfield><datafield ind1=" " ind2=" " tag="010"><subfield code="a">sn 85032689 </subfield></datafield><datafield ind1=" " ind2=" " tag="040"><subfield code="a">KSH</subfield><subfield code="b">eng</subfield><subfield code="c">KSH</subfield><subfield code="d">NPT</subfield><subfield code="d">OCL</subfield><subfield code="d">OCLCQ</subfield></datafield><datafield ind1=" " ind2=" " tag="042"><subfield code="a">msc</subfield></datafield><datafield ind1="0" ind2="0" tag="245"><subfield code="a">Kansas farm journal.</subfield></datafield><datafield ind1=" " ind2=" " tag="260"><subfield code="a">Salina, Kan. :</subfield><subfield code="b">Journal Pub. Co.,</subfield><subfield code="c">1917-1918.</subfield></datafield><datafield ind1=" " ind2=" " tag="300"><subfield code="a">1 v. :</subfield><subfield code="b">ill. ;</subfield><subfield code="c">58 cm.</subfield></datafield><datafield ind1=" " ind2=" " tag="310"><subfield code="a">Weekly</subfield></datafield><datafield ind1="0" ind2=" " tag="362"><subfield code="a">Vol. 42, no. 50 (May 31, 1917)-v. 43, no. 5 (Jan. 31, 1918).</subfield></datafield><datafield ind1=" " ind2=" " tag="752"><subfield code="a">United States</subfield><subfield code="b">Kansas</subfield><subfield code="c">Saline</subfield><subfield code="d">Salina.</subfield></datafield><datafield ind1="0" ind2="0" tag="780"><subfield code="t">Salina semi-weekly journal</subfield><subfield code="w">(DLC)sn 85032688</subfield></datafield><datafield ind1="0" ind2="0" tag="785"><subfield code="t">Western Kansas journal</subfield><subfield code="w">(DLC)sn 85032690</subfield></datafield><datafield ind1="1" ind2=" " tag="029"><subfield code="a">AU@</subfield><subfield code="b">000022166756</subfield></datafield></record>